@inproceedings{Gutmann2010,
  address         = {Chia Laguna Resort, Sardinia, Italy},
  author          = {Gutmann, Michael and Hyv{\"{a}}rinen, Aapo},
  booktitle       = {Proceedings of the Thirteenth International Conference on Artificial Intelligence and Statistics},
  editor          = {Teh, Yee Whye and Titterington, Mike},
  file            = {:Users/skojaku-admin/Library/Application Support/Mendeley Desktop/Downloaded/Gutmann, Hyv{\"{a}}rinen - 2010 - Noise-contrastive estimation A new estimation principle for unnormalized statistical models.pdf:pdf},
  issn            = {15324435},
  mendeley-groups = {graph-embedding},
  pages           = {297--304},
  publisher       = {PMLR},
  series          = {Proceedings of Machine Learning Research},
  title           = {{Noise-contrastive estimation: A new estimation principle for unnormalized statistical models}},
  url             = {http://proceedings.mlr.press/v9/gutmann10a.html},
  volume          = {9},
  year            = {2010}
}
