@inproceedings{mikolov2013word2vec,
	address = {USA},
	title = {Distributed {Representations} of {Words} and {Phrases} and {Their} {Compositionality}},
	booktitle = {Proceedings of the 26th {International} {Conference} on {Neural} {Information} {Processing} {Systems}},
	publisher = {Curran Associates Inc.},
	volume = {2},
	location = {Alghero, Italy},
	author = {Mikolov, Tomas and Sutskever, Ilya and Chen, Kai and Corrado, Greg and Dean, Jeffrey},
	year = {2013},
	pages = {3111--3119}
}

@article{devlin2018bert,
  title={Bert: Pre-training of deep bidirectional transformers for language understanding},
  author={Devlin, Jacob and Chang, Ming-Wei and Lee, Kenton and Toutanova, Kristina},
  journal={arXiv preprint arXiv:1810.04805},
  year={2018}
}
@inproceedings{Chia2010,
  address         = {Chia Laguna Resort, Sardinia, Italy},
  author          = {Gutmann, Michael and Hyv{\"{a}}rinen, Aapo},
  booktitle       = {Proceedings of the Thirteenth International Conference on Artificial Intelligence and Statistics},
  file            = {:home/sada/.local/share/data/Mendeley Ltd./Mendeley Desktop/Downloaded/Gutmann, Hyv{\"{a}}rinen - 2010 - Noise-contrastive estimation A new estimation principle for unnormalized statistical models.pdf:pdf},
  issn            = {15324435},
  mendeley-groups = {graph-embedding},
  pages           = {297--304},
  publisher       = {PMLR},
  series          = {Proceedings of Machine Learning Research},
  title           = {{Noise-contrastive estimation: A new estimation principle for unnormalized statistical models}},
  volume          = {9},
  year            = {2010}
}

@misc{Dyer2014,
  title         = {Notes on Noise Contrastive Estimation and Negative Sampling},
  author        = {Chris Dyer},
  year          = {2014},
  eprint        = {1410.8251},
  archiveprefix = {arXiv},
  primaryclass  = {cs.LG}
}
@inproceedings{morin2005hierarchical,
  title={Hierarchical probabilistic neural network language model.},
  author={Morin, Frederic and Bengio, Yoshua},
  booktitle={Aistats},
  volume={5},
  pages={246--252},
  year={2005},
  organization={Citeseer}
}

@inproceedings{levy2014neural,
  title={Neural word embedding as implicit matrix factorization},
  author={Levy, Omer and Goldberg, Yoav},
	location = {Montreal, Canada},
	publisher = {Curran Associates, Inc.},
  booktitle={Advances in Neural Information Processing Systems 27},
  pages={2177--2185},
  year={2014}
}
@inproceedings{smith2020generalization,
  title={On the Generalization Benefit of Noise in Stochastic Gradient Descent},
  author={Smith, Samuel and Elsen, Erich and De, Soham},
  booktitle={International Conference on Machine Learning},
  pages={9058--9067},
  year={2020},
  organization={PMLR}
}