
@inproceedings{caron2014disambiguation,
	address = {Leiden, Netherlands},
	title = {Large scale author name disambiguation using rule-based scoring and clustering},
	booktitle = {Proceedings of the {Science} and {Technology} {Indicators} {Conference} 2014},
	publisher = {Leiden University},
	author = {Caron, Emial and van Eck, Nees Jan},
	month = jan,
	year = {2014},
	keywords = {Method},
	pages = {79--86}
}

@article{clauset2015hierarchy,
	title = {Systematic inequality and hierarchy in faculty hiring networks},
	volume = {1},
	issn = {2375-2548},
	doi = {10.1126/sciadv.1400005},
	language = {en},
	number = {1},
	journal = {Science Advances},
	author = {Clauset, Aaron and Arbesman, Samuel and Larremore, Daniel B.},
	month = feb,
	year = {2015},
	pages = {e1400005}
}

@inproceedings{mikolov2013word2vec,
	address = {USA},
	series = {{NIPS}'13},
	title = {Distributed {Representations} of {Words} and {Phrases} and {Their} {Compositionality}},
	booktitle = {Proceedings of the 26th {International} {Conference} on {Neural} {Information} {Processing} {Systems} - {Volume} 2},
	publisher = {Curran Associates Inc.},
	author = {Mikolov, Tomas and Sutskever, Ilya and Chen, Kai and Corrado, Greg and Dean, Jeffrey},
	year = {2013},
	pages = {3111--3119}
}

@article{robinson2019mobility,
	title = {The many faces of mobility: {Using} bibliometric data to measure the movement of scientists},
	volume = {13},
	issn = {1751-1577},
	doi = {10.1016/j.joi.2018.11.002},
	number = {1},
	journal = {Journal of Informetrics},
	author = {Robinson-Garcia, Nicolas and Sugimoto, Cassidy R. and Murray, Dakota and Yegros-Yegros, Alfredo and Lariviere, Vincent and Costas, Rodrigo},
	month = feb,
	year = {2019},
	pages = {50--63}
	}

@article{vannoorden2019global,
	title = {Global mobility: {Science} on the move},
	volume = {490},
	doi = {10.1038/490326a},
	abstract = {The big picture of global migration shows that scientists usually follow the research money ? but culture can skew this pattern.},
	number = {7420},
	journal = {Nature News},
	author = {Van Noorden, Richard},
	month = oct,
	year = {2012},
	pages = {326}
}

@article{czaika2018globalisation,
	title = {The globalisation of scientific mobility, 1970-2014},
	volume = {96},
	issn = {0143-6228},
	doi = {10.1016/j.apgeog.2018.04.017},
	journal = {Applied Geography},
	author = {Czaika, Mathias and Orazbayev, Sultan},
	month = jul,
	year = {2018},
	pages = {1--10}
}

@article{chinchilla2018global,
	title = {A {Global} {Comparison} of {Scientific} {Mobility} and {Collaboration} {According} to {National} {Scientific} {Capacities}},
	volume = {3},
	issn = {2504-0537},
	doi = {10.3389/frma.2018.00017},
	journal = {Frontiers in Research Metrics and Analytics},
	author = {Chinchilla-Rodriguez, Zaida and Miao, Lili and Murray, Dakota and Robinson-Garcia, Nicolas and Costas, Rodrigo and Sugimoto, Cassidy R.},
	year = {2018},
	keywords = {international collaboration, mobility, scholarly communication, Science Policy, Scientific capacity}
}

@article{simini2012universal,
	title = {A universal model for mobility and migration patterns},
	volume = {484},
	issn = {1476-4687},
	doi = {10.1038/nature10856},
	number = {7392},
	journal = {Nature},
	author = {Simini, Filippo and Gonzolez, Marta C. and Maritan, Amos and Barabasi, Albert-Laszlo},
	month = apr,
	year = {2012},
	pages = {96--100}
}

@techreport{box2008competition,
	title = {The {Global} {Competition} for {Talent}: {Mobility} of the {Highly} {Skilled}},
	institution = {OECD},
	author = {Box, Sarah and Barsi, Ester},
	year = {2008}
}

@article{chinchilla2018travelban,
	title = {Travel bans and scientific mobility: utility of asymmetry and affinity indexes to inform science policy},
	volume = {116},
	issn = {1588-2861},
	doi = {10.1007/s11192-018-2738-2},
	number = {1},
	journal = {Scientometrics},
	author = {Chinchilla-Rodriguez, Zaida and Bu, Yi and Robinson-Garcia, Nicolas and Costas, Rodrigo and Sugimoto, Cassidy R.},
	month = jul,
	year = {2018},
	pages = {569--590},
}

@article{deville2014career,
	title = {Career on the {Move}: {Geography}, {Stratification} and {Scientific} {Impact}},
	volume = {4},
	copyright = {2014 The Author(s)},
	issn = {2045-2322},
	doi = {10.1038/srep04770},
	number = {1},
	journal = {Scientific Reports},
	author = {Deville, Pierre and Wang, Dashun and Sinatra, Roberta and Song, Chaoming and Blondel, Vincent D. and Barabasi, Albert-Laszlo},
	month = apr,
	year = {2014},
	pages = {1--7},
}

@article{mcinnes2018umap,
	title = {{UMAP}: {Uniform} {Manifold} {Approximation} and {Projection} for {Dimension} {Reduction}},
	journal = {arXiv:1802.03426 [cs, stat]},
	author = {McInnes, Leland and Healy, John and Melville, James},
	month = dec,
	year = {2018},
	note = {arXiv: 1802.03426},
}

@article{sugimoto2017mostimpact,
	title = {Scientists have most impact when they're free to move},
	volume = {550},
	issn = {1476-4687},
	doi = {10.1038/550029a},
	number = {7674},
	journal = {Nature},
	author = {Sugimoto, Cassidy R. and Robinson-Garcia, Nicolas and Murray, Dakota S. and Yegros-Yegros, Alfredo and Costas, Rodrigo and LariviÃšre, Vincent},
	year = {2017},
	pmid = {28980663},
	pages = {29--31}
}

@article{wagner2017open,
	title = {Open countries have strong science},
	volume = {550},
	doi = {10.1038/550032a},
	number = {7674},
	journal = {Nature News},
	author = {Wagner, Caroline S. and Jonkers, Koen},
	month = oct,
	year = {2017},
	pages = {32}
}


@article{waltman2012leidenrankings,
	title = {The {Leiden} ranking 2011/2012: {Data} collection, indicators, and interpretation},
	volume = {63},
	issn = {1532-2890},
	doi = {10.1002/asi.22708},
	number = {12},
	journal = {Journal of the American Society for Information Science and Technology},
	author = {Waltman, Ludo and Calero Medina, Clara and Kosten, Joost and Noyons, Ed C. M. and Tijssen, Robert J. W. and Eck, Nees Jan van and Leeuwen, Thed N. van and Raan, Anthony F. J. van and Visser, Martijn S. and Wouters, Paul},
	year = {2012},
	pages = {2419--2432},
}
